<record><leader>00000cas a22000007a 4500</leader><controlfield tag="001">22417908</controlfield><controlfield tag="008">900921d186118uucoucr ne      0    0eng d</controlfield><datafield ind1=" " ind2=" " tag="010"><subfield code="a">sn 90051697 </subfield></datafield><datafield ind1=" " ind2=" " tag="040"><subfield code="a">CNQ</subfield><subfield code="b">eng</subfield><subfield code="c">CNQ</subfield><subfield code="d">OCLCQ</subfield></datafield><datafield ind1=" " ind2=" " tag="042"><subfield code="a">msc</subfield></datafield><datafield ind1="0" ind2=" " tag="130"><subfield code="a">Can&#771;on City times (Can&#771;on City, Colo. : 1861)</subfield></datafield><datafield ind1="1" ind2="0" tag="245"><subfield code="a">Can&#771;on City times.</subfield></datafield><datafield ind1=" " ind2=" " tag="260"><subfield code="a">Can&#771;on City, Colo. :</subfield><subfield code="b">Times Pub. Co.</subfield></datafield><datafield ind1=" " ind2=" " tag="300"><subfield code="a">v.</subfield></datafield><datafield ind1=" " ind2=" " tag="310"><subfield code="a">Semiweekly,</subfield><subfield code="b">May 9, 1861-</subfield></datafield><datafield ind1=" " ind2=" " tag="321"><subfield code="a">Weekly,</subfield><subfield code="b">Jan. 12, 1861-May 2, 1861</subfield></datafield><datafield ind1="0" ind2=" " tag="362"><subfield code="a">Vol. 1, no. 19 (Jan. 12, 1861)-</subfield></datafield><datafield ind1=" " ind2=" " tag="515"><subfield code="a">Numbering is irregular.</subfield></datafield><datafield ind1=" " ind2=" " tag="752"><subfield code="a">United States</subfield><subfield code="b">Colorado</subfield><subfield code="c">Fremont</subfield><subfield code="d">Can&#771;on City.</subfield></datafield><datafield ind1="0" ind2="0" tag="780"><subfield code="t">Canon times</subfield><subfield code="w">(DLC)sn 83016752</subfield></datafield></record>